<?xml version="1.0" encoding="UTF-8"?><collection xmlns="http://www.loc.gov/MARC21/slim"><record><leader>00504nam--2200157-i-4500</leader><controlfield tag="001">000011602</controlfield><controlfield tag="002">20161230</controlfield><controlfield tag="005">20170208154349</controlfield><controlfield tag="008">060222s1000------------r-----000-0-eng-d</controlfield><datafield ind1=" " ind2=" " tag="100"><subfield code="a">Coeure, G</subfield></datafield><datafield ind1=" " ind2=" " tag="245"><subfield code="a">Analytic functions and manifolds in infinite d imensional spaces</subfield></datafield><datafield ind1=" " ind2=" " tag="260"><subfield code="a">Amsterdam</subfield><subfield code="b">North-Holland Publ.Co</subfield><subfield code="c">1974</subfield></datafield><datafield ind1=" " ind2=" " tag="300"><subfield code="a">85 p</subfield></datafield><datafield ind1=" " ind2=" " tag="490"><subfield code="a">Notas De Matematica (52).Editor:Loeopoldo Nach Bin.(North-holland Mathematics Studies)</subfield></datafield><datafield ind1=" " ind2=" " tag="852"><subfield code="a">42881</subfield><subfield code="c">515/516</subfield></datafield><datafield ind1=" " ind2=" " tag="CAT"><subfield code="a">SYS</subfield><subfield code="c">20170208</subfield><subfield code="h">154349</subfield></datafield></record></collection>